%ENSINO DE MATEMATICA NO BRASIL

%ENSINO DE MATEMATICA PARA CEGOS

%INTRODUCAO
@inproceedings{leite2009formaccao,
  title={Forma{\c{c}}{\~a}o inicial de professores de matem{\'a}tica: O caso da pratica pedag{\'o}gica no ensino de c{\'a}lculo},
  author={LEITE, Eliane Alves Pereira and DARSIE, MM},
  booktitle={Congresso Nacional de Educa{\c{c}}{\~a}o-EDUCERE},
  year={2009}
}

@article{ludwig2014formaccao,
  title={Forma{\c{c}}{\~a}o inicial de professores de Matem{\'a}tica: situa{\c{c}}{\~o}es vivenciadas pelos alunos na realiza{\c{c}}{\~a}o do est{\'a}gio},
  author={Ludwig, Paula Isabel},
  journal={Teses e Disserta{\c{c}}{\~o}es PPGECIM},
  year={2014}
}

@article{pletsch2009formaccao,
  title={A forma{\c{c}}{\~a}o de professores para a educa{\c{c}}{\~a}o inclusiva: legisla{\c{c}}{\~a}o, diretrizes pol{\'\i}ticas e resultados de pesquisas},
  author={Pletsch, M{\'a}rcia Denise},
  journal={Educar em Revista},
  number={33},
  pages={143--156},
  year={2009},
  publisher={Universidade Federal do Paran{\'a}}
}

@book{mec2000,
title = {Proposta de Diretrizes para a formação inicial de professores da educação básica, em cursos de nível superior},
author = {BRASIL},
year = {2000},
publisher = {Ministério da Educação}
}

@article{bueno1999crianccas,
  title={Crian{\c{c}}as com necessidades educativas especiais, pol{\'\i}tica educacional e a forma{\c{c}}{\~a}o de professores: generalistas ou especialistas},
  author={Bueno, Jos{\'e} Geraldo Silveira},
  journal={Revista Brasileira de educa{\c{c}}{\~a}o especial},
  volume={3},
  number={5},
  pages={7--25},
  year={1999}
}

@article{antunes2011formaccao,
  title={Forma{\c{c}}{\~a}o de professores na perspectiva da educa{\c{c}}{\~a}o inclusiva: os Cursos de Pedagogia em foco},
  author={Antunes, Katiuscia C Vargas and Glat, Rosana},
  journal={EDUCACAO ESPECIAL},
  pages={62},
  year={2011}
}

@article{magalhaes1999viver,
  title={Viver a igualdade na diferen{\c{c}}a: a forma{\c{c}}{\~a}o de educadores visando a inclus{\~a}o de alunos com necessidades educacionais especiais no ensino regular},
  author={Magalh{\~a}es, EFCB},
  journal={Rio de Janeiro: Universidade do Estado do Rio de Janeiro},
  year={1999}
}

@article{glat2004papel,
  title={O papel da universidade frente {\`a}s pol{\'\i}ticas p{\'u}blicas para educa{\c{c}}{\~a}o inclusiva},
  author={Glat, Rosana and Pletsch, M{\'a}rcia Denise},
  journal={Revista Benjamin Constant},
  volume={29},
  number={1},
  pages={3--8},
  year={2004}
}

@article{antuneseducaccao,
  title={A EDUCA{\c{C}}{\~A}O ESPECIAL NO PARADIGMA DA INCLUS{\~A}O: A EXPERI{\^E}NCIA DA REDE P{\'U}BLICA MUNICIPAL DE EDUCA{\c{C}}{\~A}O DO RIO DE JANEIRO},
  author={Antunes--UERJ, Katiuscia C Vargas and Glat--UERJ, FESO Rosana and Plesch--UERJ, M{\'a}rcia}
}

@article{diretrizesmatematica2001,
title = {Diretrizes Curriculares Nacionais para os Cursos de Matemática, Bacharelado e Licenciatura},
author = {Ministério da Educação},
year = {2001},
url = {"http://portal.mec.gov.br/cne/arquivos/pdf/CES13022.pdf"}
}

@article{ferreira20031,
  title={Panorama Nacional da Educa{\c{c}}{\~a}o Inclusiva no Brasil},
  author={Ferreira, Julio Romero},
  year={2003}
}
%METODOLOGIA
@article{galvao2009revisao,
  title={Revis{\~a}o sistem{\'a}tica: recurso que proporciona a incorpora{\c{c}}{\~a}o das evid{\^e}ncias na pr{\'a}tica da enfermagem. Rev Lat Am Enferm. 2004; 12 (3): 549-56},
  author={Galv{\~a}o, CM and Sawada, NO and Trevisan, MA},
  journal={Rev Esc Enferm USP},
  volume={43},
  number={2},
  pages={465--71},
  year={2009}
}

@article{da2018processo,
  title={O processo de ensino e aprendizagem de Matem{\'a}tica para alunos surdos: uma revis{\~a}o sistem{\'a}tica},
  author={da Silva Dessbesel, Renata and Shimazaki, Elsa Midori and others},
  journal={Ci{\^e}ncia \& Educa{\c{c}}{\~a}o (Bauru)},
  volume={24},
  number={2},
  pages={481--500},
  year={2018},
  publisher={Universidade Estadual Paulista J{\'u}lio de Mesquita Filho}
}

@book{littell2008systematic,
  title={Systematic reviews and meta-analysis},
  author={Littell, Julia H and Corcoran, Jacqueline and Pillai, Vijayan},
  year={2008},
  publisher={Oxford University Press}
}

@article{kitchenham2004procedures,
  title={Procedures for performing systematic reviews},
  author={Kitchenham, Barbara},
  journal={Keele, UK, Keele University},
  volume={33},
  number={2004},
  pages={1--26},
  year={2004}
}
